<collection xmlns="http://www.loc.gov/MARC21/slim">
   <record>
      <leader>01914cam a2200385 i 45 0</leader>
      <controlfield tag="001">6783614</controlfield>
      <controlfield tag="003">OCoLC</controlfield>
      <controlfield tag="005">20150115170438.0</controlfield>
      <controlfield tag="008">141119t20152015bcc           000 1 eng d</controlfield>
      <datafield ind1=" " ind2=" " tag="020">
         <subfield code="a">1459808665</subfield>
      </datafield>
      <datafield ind1=" " ind2=" " tag="020">
         <subfield code="a">9781459808669</subfield>
      </datafield>
      <datafield ind1=" " ind2=" " tag="035">
         <subfield code="a">ocn892779160</subfield>
      </datafield>
      <datafield ind1=" " ind2=" " tag="040">
         <subfield code="a">YDXCP</subfield>
         <subfield code="b">eng</subfield>
         <subfield code="c">YDXCP</subfield>
         <subfield code="d">OCLCQ</subfield>
         <subfield code="d">BTCTA</subfield>
         <subfield code="d">BDX</subfield>
         <subfield code="d">AEVC</subfield>
      </datafield>
      <datafield ind1=" " ind2=" " tag="090">
         <subfield code="a">ER Series RAP REA</subfield>
         <subfield code="b">AEVC</subfield>
      </datafield>
      <datafield ind1=" " ind2=" " tag="090">
         <subfield code="a">PE1117 .R275 F73 2015</subfield>
         <subfield code="b">AEGMCT</subfield>
      </datafield>
      <datafield ind1="1" ind2=" " tag="100">
         <subfield code="a">Fradkin, Barbara Fraser,</subfield>
         <subfield code="d">1947-</subfield>
         <subfield code="e">author.</subfield>
         <subfield code="0">http://id.loc.gov/authorities/names/no2004079277</subfield>
         <subfield code="0">http://viaf.org/viaf/73570055</subfield>
      </datafield>
      <datafield ind1="1" ind2="0" tag="245">
         <subfield code="a">Night thief/</subfield>
         <subfield code="c">Barbara Fradkin.</subfield>
      </datafield>
      <datafield ind1=" " ind2="1" tag="264">
         <subfield code="a">Victoria, BC Canada :</subfield>
         <subfield code="b">Raven Books, an imprint of Orca Book Publishers, </subfield>
         <subfield code="c">2015.</subfield>
      </datafield>
      <datafield ind1=" " ind2="4" tag="264">
         <subfield code="c">©2015</subfield>
      </datafield>
      <datafield ind1=" " ind2=" " tag="300">
         <subfield code="a">153 pages ;</subfield>
         <subfield code="c">19 cm</subfield>
      </datafield>
      <datafield ind1=" " ind2=" " tag="336">
         <subfield code="a">text</subfield>
         <subfield code="b">txt</subfield>
         <subfield code="2">rdacontent</subfield>
         <subfield code="0">http://id.loc.gov/vocabulary/contentTypes/txt</subfield>
      </datafield>
      <datafield ind1=" " ind2=" " tag="337">
         <subfield code="a">unmediated</subfield>
         <subfield code="b">n</subfield>
         <subfield code="2">rdamedia</subfield>
         <subfield code="0">http://id.loc.gov/vocabulary/mediaTypes/n</subfield>
      </datafield>
      <datafield ind1=" " ind2=" " tag="338">
         <subfield code="a">volume</subfield>
         <subfield code="b">nc</subfield>
         <subfield code="2">rdacarrier</subfield>
         <subfield code="0">http://id.loc.gov/vocabulary/carriers/nc</subfield>
      </datafield>
      <datafield ind1="1" ind2=" " tag="490">
         <subfield code="a">Rapid Reads.</subfield>
      </datafield>
      <datafield ind1=" " ind2=" " tag="500">
         <subfield code="a">"A Cedric O'Toole Mystery"--Cover.</subfield>
      </datafield>
      <datafield ind1=" " ind2=" " tag="590">
         <subfield code="a">MacEwan University: Intermediate reading level.</subfield>
         <subfield code="5">CaAEGMCT</subfield>
      </datafield>
      <datafield ind1=" " ind2=" " tag="596">
         <subfield code="a">3 55</subfield>
      </datafield>
      <datafield ind1=" " ind2="0" tag="650">
         <subfield code="a">Detective and mystery stories.</subfield>
         <subfield code="0">http://id.loc.gov/authorities/subjects/sh85037260</subfield>
      </datafield>
      <datafield ind1=" " ind2="0" tag="650">
         <subfield code="a">Readers for new literates.</subfield>
         <subfield code="0">http://id.loc.gov/authorities/subjects/sh85111657</subfield>
      </datafield>
      <datafield ind1=" " ind2="0" tag="650">
         <subfield code="a">High interest-low vocabulary books.</subfield>
         <subfield code="0">http://id.loc.gov/authorities/subjects/sh85060676</subfield>
      </datafield>
      <datafield ind1=" " ind2=" " tag="758">
         <subfield code="0">http://worldcat.org/entity/work/id/148051123</subfield>
      </datafield>
      <datafield ind1="0" ind2=" " tag="787">
         <subfield code="n">OCLC Work Id</subfield>
         <subfield code="o">http://worldcat.org/entity/work/id/148051123</subfield>
      </datafield>
      <datafield ind1=" " ind2="0" tag="830">
         <subfield code="a">Rapid Reads.</subfield>
         <subfield code="0">http://id.loc.gov/authorities/names/no2010149511</subfield>
      </datafield>
      <datafield ind1=" " ind2=" " tag="926">
         <subfield code="a">ER Series RAP REA</subfield>
         <subfield code="w">ASIS</subfield>
         <subfield code="c">1</subfield>
         <subfield code="i">33862001355969</subfield>
         <subfield code="d">4/20/2016</subfield>
         <subfield code="e">3/31/2016</subfield>
         <subfield code="l">EASY_READ</subfield>
         <subfield code="m">NORQ_MAIN</subfield>
         <subfield code="n">5</subfield>
         <subfield code="p">$9.95</subfield>
         <subfield code="r">Y</subfield>
         <subfield code="s">Y</subfield>
         <subfield code="t">BOOK</subfield>
         <subfield code="u">3/23/2015</subfield>
      </datafield>
      <datafield ind1=" " ind2=" " tag="926">
         <subfield code="a">PE1117 .R275 F73 2015</subfield>
         <subfield code="w">LC</subfield>
         <subfield code="c">1</subfield>
         <subfield code="i">1007695107</subfield>
         <subfield code="d">9/19/2016</subfield>
         <subfield code="e">9/14/2016</subfield>
         <subfield code="l">ESL</subfield>
         <subfield code="m">GR_MAC_ACC</subfield>
         <subfield code="n">1</subfield>
         <subfield code="p">$8.76</subfield>
         <subfield code="r">Y</subfield>
         <subfield code="s">Y</subfield>
         <subfield code="t">BOOK</subfield>
         <subfield code="u">6/1/2016</subfield>
      </datafield>
   </record>
</collection>
